@conference{kunchev1,
    author    = "V. Kunchev and L. Jain and V. Ivancevic and A. Finn",
    title     = "Path Planning and Obstacle Avoidance For Autonomous Mobile Robots: A Review.",
    booktitle = " Knowledge-Based Intelligent Information and Engineering Systems",
    volume   = "4252",
    pages    = "537-544",
    year      = "2006",
    publisher= "Springer, Berlin, Heidelberg",
}