@conference{kunchev1,
    author    = "V. Kunchev and L. Jain and V. Ivancevic and A. Finn",
    title     = "Path Planning and Obstacle Avoidance For Autonomous Mobile Robots: A Review.",
    booktitle = " Knowledge-Based Intelligent Information and Engineering Systems",
    volume   = "4252",
    pages    = "537-544",
    year      = "2006",
    publisher= "Springer, Berlin, Heidelberg",
}

@Inbook{khatib1,
    author="Khatib Oussama",
    editor="Narendra Kumpati S.",
    title="The Potential Field Approach And Operational Space Formulation In Robot Control",
    bookTitle="Adaptive and Learning Systems: Theory and Applications",
    year="1986",
    publisher="Springer US",
    address="Boston, MA",
    pages="367-377",
    isbn="978-1-4757-1895-9",
    doi="10.1007/978-1-4757-1895-9_26",
    url="https://doi.org/10.1007/978-1-4757-1895-9_26"
}

@article{khatib2,
    author    = "O. Khatib",
    title     = "“Real time obstacle avoidance for manipulators and mobile robots",
    journal   = "Robotics Research",
    volume   = "5",
    number   = "1",
    year      = "1986",
}

@conference{cai1,
    author    = "Z. X. Cai and H. G. He and H. Chen",
    title     = "Some issues for mobile robots navigation under unknown environments",
    booktitle = "Proc. IEEE Internation Conference on Decision and Control",
    volume   = "17",
    number= "4",
    pages    = "385-390",
    year      = "2002",
}

@conference{roesmann1,
    author    = "Christoph Rösmann and Wendelin Feiten and Thomas Wösch and Frank Hoffmann and Torsten Bertram",
    title     = "Trajectory modification considering dynamic constraints of autonomous robots",
    booktitle = "Proc. of ROBOTIK 2012- 7th German Conference on Robotics",
    pages    = "74-79",
    year      = "2012",
}

@conference{shi1,
    author    = "P. Shi and Y. W. Zhao",
    title     = "An efficient path planning alogrithm for mobile robot using improved potential field",
    booktitle = "Proc. IEEE Int. Conference ROBIO",
    volume  = "1-4",
    pages    = "1704-1708",
    year      = "2009",
}

@article{ji1,
    author={J. {Ji} and A. {Khajepour} and W. W. {Melek} and Y. {Huang}},
    journal={IEEE Transactions on Vehicular Technology},
    title={Path Planning and Tracking for Vehicle Collision Avoidance Based on Model Predictive Control With Multiconstraints},
    year={2017},
    volume={66},
    number={2},
    pages={952-964},
    keywords={collision avoidance;electric vehicles;predictive control;path planning framework;vehicle collision avoidance;model predictive control;path tracking framework;autonomous vehicles;path-planning approach;3D virtual dangerous potential field;trigonometric function superposition;collision avoidance maneuvers;path-tracking controller;multiconstrained model predictive control problem;MMPC problem;front steering angle;moving obstacle vehicle;Simulink simulation;CarSim simulation;MMPC-based path-tracking controller;dynamic tracking performance;Vehicles;Collision avoidance;Trajectory;Roads;Autonomous automobiles;Three-dimensional displays;Autonomous vehicle;collision avoidance;model predictive control (MPC);multiconstraints;path planning;path tracking},
    doi={10.1109/TVT.2016.2555853},
    ISSN={1939-9359},
    month={Feb},
}

@article{rostami1,
    author    = "S. M. H. Rostami and A. K. Sangaiah and J. Wang and X. Liu ",
    title     = "Obstacle avoidance of mobile robots using modified artificial potential field algorithm",
    journal   = "EURASIP Journal on Wireless Communications and Networking",
    volume   = "2019",
    number   = "70",
    year      = "2019",
}

@INPROCEEDINGS{koditschek1,
    author={D. {Koditschek}},
    booktitle={Proceedings. 1987 IEEE International Conference on Robotics and Automation},
    title={Exact robot navigation by means of potential functions: Some topological considerations},
    year={1987},
    volume={4},
    number={},
    pages={1-6},
    keywords={Navigation;Topology;Motion planning;Robot control;Orbital robotics;Algorithm design and analysis;Mathematics;Feedback;Shape;Computational efficiency},
    doi={10.1109/ROBOT.1987.1088038},
    ISSN={null},
    month={March},
}

@ARTICLE{volpe1,
    author={R. {Volpe} and P. {Khosla}},
    journal={IEEE Transactions on Systems, Man, and Cybernetics},
    title={Manipulator control with superquadric artificial potential functions: theory and experiments},
    year={1990},
    volume={20},
    number={6},
    pages={1423-1436},
    keywords={planning (artificial intelligence);position control;robots;position control;manipulator control;superquadric artificial potential functions;object shapes;spherically symmetric attractive wells;obstacle avoidance;obstacle approach;CMU DDARM II system;Mobile robots;End effectors;Manipulators;Shape;Path planning;Orbital robotics;Robustness;Robotics and automation;Physics computing},
    doi={10.1109/21.61211},
    ISSN={2168-2909},
    month={Nov},
}

@ARTICLE{barraquand1,
    author={J. {Barraquand} and B. {Langlois} and J. -. {Latombe}},
    journal={IEEE Transactions on Systems, Man, and Cybernetics},
    title={Numerical potential field techniques for robot path planning},
    year={1992},
    volume={22},
    number={2},
    pages={224-241},
    doi={10.1109/21.148426},
    ISSN={2168-2909},
    month={March},
}

@INPROCEEDINGS{zhu1,
    author={Q. {Zhu} and Y. {Yan} and Z. {Xing}},
    booktitle={Sixth International Conference on Intelligent Systems Design and Applications},
    title={Robot Path Planning Based on Artificial Potential Field Approach with Simulated Annealing},
    year={2006},
    volume={2},
    number={},
    pages={622-627},
    doi={10.1109/ISDA.2006.253908},
    ISSN={2164-7151},
    month={Oct},
}

@INPROCEEDINGS{quinlan1,
    author={S. {Quinlan} and O. {Khatib}},
    booktitle={[1993] Proceedings IEEE International Conference on Robotics and Automation},
    title={Elastic bands: connecting path planning and control},
    year={1993},
    volume={},
    number={},
    pages={802-807 vol.2},
    doi={10.1109/ROBOT.1993.291936},
    ISSN={null},
    month={May},
}

@ARTICLE{yang1,
    author={ {Jong-Min Yang} and {Jong-Hwan Kim}},
    journal={IEEE Transactions on Robotics and Automation},
    title={Sliding mode control for trajectory tracking of nonholonomic wheeled mobile robots},
    year={1999},
    volume={15},
    number={3},
    pages={578-587},
    doi={10.1109/70.768190},
    ISSN={2374-958X},
    month={June},
}

@article{normey-rico1,
    title = "Mobile robot path tracking using a robust PID controller",
    journal = "Control Engineering Practice",
    volume = "9",
    number = "11",
    pages = "1209 - 1214",
    year = "2001",
    note = "PID Control",
    issn = "0967-0661",
    doi = "https://doi.org/10.1016/S0967-0661(01)00066-1",
    url = "http://www.sciencedirect.com/science/article/pii/S0967066101000661",
    author = "Julio E. Normey-Rico and Ismael Alcalá and Juan Gómez-Ortega and Eduardo F. Camacho",
    keywords = "PID, Robust control, Time delay, Mobile robots, Path tracking",
}

@ARTICLE{antonelli1,
    author={G. {Antonelli} and S. {Chiaverini} and G. {Fusco}},
    journal={IEEE Transactions on Fuzzy Systems},
    title={A Fuzzy-Logic-Based Approach for Mobile Robot Path Tracking},
    year={2007},
    volume={15},
    number={2},
    pages={211-221},
    keywords={fuzzy control;fuzzy set theory;mobile robots;path planning;vehicles;fuzzy-logic-based approach;mobile robot path tracking;autonomous robot navigation;bounded linear velocity;angular velocity;motion planning;path following;fuzzy-logic rule set;human driving behavior;fuzzy system;cruise velocity;lane-following task;vehicle motion;Mobile robots;Vehicle driving;Vehicle safety;Navigation;Kinematics;Remotely operated vehicles;Angular velocity;Acceleration;Path planning;Motion planning;Fuzzy control;mobile robots;motion planning;navigation;path tracking},
    doi={10.1109/TFUZZ.2006.879998},
    ISSN={1941-0034},
    month={April},
}

@INPROCEEDINGS{goette1,
    author={C. {Götte} and M. {Keller} and C. {Rösmann} and T. {Nattermann} and C. {Haß} and K. {Glander} and A. {Seewald} and T. {Bertram}},
    booktitle={2016 IEEE 19th International Conference on Intelligent Transportation Systems (ITSC)},
    title={A real-time capable model predictive approach to lateral vehicle guidance},
    year={2016},
    volume={},
    number={},
    pages={1908-1913},
    keywords={nonlinear control systems;optimal control;predictive control;road traffic control;steering systems;trajectory control;real-time capable model predictive approach;lateral vehicle guidance;trajectory planning;trajectory control;nonlinear model predictive control methods;NMPC methods;optimal control problem;environmental constraints;model predictive planning and control;MPPC;rapid prototyping system;Vehicles;Planning;Trajectory;Predictive models;Vehicle dynamics;Roads;Collision avoidance},
    doi={10.1109/ITSC.2016.7795865},
    ISSN={2153-0017},
    month={Nov},
}

@INPROCEEDINGS{nolte1,
    author={M. {Nolte} and M. {Rose} and T. {Stolte} and M. {Maurer}},
    booktitle={2017 IEEE Intelligent Vehicles Symposium (IV)},
    title={Model predictive control based trajectory generation for autonomous vehicles — An architectural approach},
    year={2017},
    volume={},
    number={},
    pages={798-805},
    keywords={mobile robots;path planning;predictive control;road vehicles;trajectory control;model predictive control based trajectory generation;autonomous vehicles;automated driving;perception systems;complicated urban scenarios;general-purpose path planners;trajectory planners;model predictive frameworks;system failures;Trajectory;Optimization;Systems architecture;Actuators;Degradation;Monitoring;Roads},
    doi={10.1109/IVS.2017.7995814},
    ISSN={null},
    month={June},
}

@ARTICLE{gutjahr1,
    author={B. {Gutjahr} and L. {Gröll} and M. {Werling}},
    journal={IEEE Transactions on Intelligent Transportation Systems},
    title={Lateral Vehicle Trajectory Optimization Using Constrained Linear Time-Varying MPC},
    year={2017},
    volume={18},
    number={6},
    pages={1586-1595},
    keywords={collision avoidance;linear systems;optimal control;optimisation;predictive control;road traffic;time-varying systems;trajectory control;vehicle dynamics;lateral vehicle trajectory optimization;constrained linear time-varying MPC;lateral vehicle guidance task;reference curve;constrained optimal control;linear time-varying model predictive control;path following;static obstacles;dynamic obstacles;human driving behavior;traffic scenarios;Vehicles;Vehicle dynamics;Heuristic algorithms;Trajectory optimization;Time-varying systems;Advanced driver assistance systems;path tracking;trajectory optimization;linear time-varying MPC},
    doi={10.1109/TITS.2016.2614705},
    ISSN={1558-0016},
    month={June},
}